@inproceedings{chatha2021qualcomm,
    title={Qualcomm{\textregistered} Cloud Al 100: 12TOPS/W Scalable, High Performance and Low Latency Deep Learning Inference Accelerator},
    author={Chatha, Karam},
    booktitle={2021 IEEE Hot Chips 33 Symposium (HCS)},
    pages={1--19},
    year={2021},
    organization={IEEE}
}

@misc{qualcomm,
    title={CLOUD AI},
    subtitle={The future of AI edge-to-cloud computing is here},
    author={Qualcomm},
    year={2021},
    url={https://www.qualcomm.com/products/cloud-artificial-intelligence}
}

@article{eetimes2019,
    title={Qualcomm Targets AI Inferencing in the Cloud},
    journaltitle={EE Times},
    author={Dylan McGrath},
    date={2019-04-10},
    url={https://www.eetimes.com/qualcomm-targets-ai-inferencing-in-the-cloud/}
}

@misc{qualcomm100,
    title={CLOUD AI 100},
    author={Qualcomm},
    year={2021},
    url={https://www.qualcomm.com/products/cloud-ai-100}
}
