@misc{pynqdoc251,
    title={Python productivity for Zynq (Pynq)},
    version={v2.5.1},
    author={Xilinx},
    date={2020-02-20},
    url={https://pynq.readthedocs.io/en/v2.5.1/index.html}
}
@misc{partialReconfig,
    title={Partial reconfiguration example},
    author={PartialReconfig},
    url={https://github.com/yunqu/partial_reconfig_example/tree/master/boards/Pynq-Z1/gpio_pr/notebooks/partial_reconfig}
}